<record><leader>00000cas a22000007a 4500</leader><controlfield tag="001">13388000</controlfield><controlfield tag="008">860403d19701979mtuwr ne      0    0eng d</controlfield><datafield ind1=" " ind2=" " tag="010"><subfield code="a">sn 86075102 </subfield></datafield><datafield ind1=" " ind2=" " tag="040"><subfield code="a">MTL</subfield><subfield code="b">eng</subfield><subfield code="c">MTL</subfield><subfield code="d">OCLCQ</subfield></datafield><datafield ind1=" " ind2=" " tag="042"><subfield code="a">msc</subfield></datafield><datafield ind1="0" ind2="4" tag="245"><subfield code="a">The Montwyo news.</subfield></datafield><datafield ind1=" " ind2=" " tag="260"><subfield code="a">Billings, Mont. :</subfield><subfield code="b">Western Livestock Reporter, Inc.,</subfield><subfield code="c">1970-1979.</subfield></datafield><datafield ind1=" " ind2=" " tag="300"><subfield code="a">9 v. :</subfield><subfield code="b">ill. ;</subfield><subfield code="c">44 cm.</subfield></datafield><datafield ind1=" " ind2=" " tag="310"><subfield code="a">Weekly</subfield></datafield><datafield ind1="0" ind2=" " tag="362"><subfield code="a">Vol. 3, no. 10 (Oct. 23, 1970)-v. 11, no. 7 (Jan. 26, 1979).</subfield></datafield><datafield ind1=" " ind2=" " tag="500"><subfield code="a">"A Weekly Newspaper for Farm, Livestock and Agri-business.</subfield></datafield><datafield ind1=" " ind2=" " tag="500"><subfield code="a">"The Only General Agricultural Weekly Serving Montana-Wyoming."</subfield></datafield><datafield ind1=" " ind2=" " tag="752"><subfield code="a">United States</subfield><subfield code="b">Montana</subfield><subfield code="c">Yellowstone</subfield><subfield code="d">Billings.</subfield></datafield><datafield ind1="0" ind2="0" tag="780"><subfield code="t">MontWyo farm livestock weekly</subfield><subfield code="w">(DLC)sn 86075101</subfield></datafield><datafield ind1="0" ind2="0" tag="785"><subfield code="t">Montwyo agri-news</subfield><subfield code="w">(DLC)sn 79000865</subfield></datafield></record>